@Book{boyle,
  author = 	 "R. D. Boyle and R. C. Thomas",
  title = 	 "Computer Vision - A First Course",
  publisher = 	 "Blackwell Scientific Publications",
  year = 	 1988
}


@Book{companion,
  author = 	 "Michel Goosens and Frank Mittelbach and Alexander
                  Samarin",
  title = 	 "The {\LaTeX} Companion",
  publisher = 	 "Addison-Wesley",
  year = 	 1994
}

@Book{kopka-old,
  author = 	 "Helmut Kopka and Patrick W. Daly",
  title = 	 "A guide to {\LaTeX}",
  publisher = 	 "Addison-Wesley",
  year = 	 1993
}

@Book{kopka,
  author = 	 "Helmut Kopka and Patrick W. Daly",
  title = 	 "A guide to {\LaTeXe}",
  publisher = 	 "Addison-Wesley",
  edition =      {2nd},
  isbn =         "0-201-42777-X",
  year = 	 1995
}

@Book{lamport,
  author = 	 "Leslie Lamport",
  title = 	 "{\LaTeX} -- A document preparation system",
  edition = 	 {2nd},
  publisher = 	 "Addison-Wesley",
  year = 	 1994
}

@Book{occam,
  author = 	 "D.Pountain and D.May",
  title = 	 "A tutorial introduction to occam programming",
  publisher = 	 "Blackwell Scientific Publications",
  year = 	 1987
}

@Article{rd-only,
  author = 	 "William Dyke",
  title = 	 "The Nutter's guide to {\LaTeX}",
  journal =	 "Read Only",
  year =	 1994,
  number =	 7,
  month =	 "May"
}


@misc{url-cite,
   author = "{\LaTeX} Team",
   title="{URL}s in {BibTeX} bibliographies",
   howpublished = "\url{http://www.tex.ac.uk/cgi-bin/texfaq2html?label=citeURL}",
   year = 2012
}

@Article{rhinitis,
    author = "Eur Respir J.",
    title = "Prevalence and rate of diagnosis of allergic rhinitis in Europe",
    howpublished = "\url{http://erj.ersjournals.com/content/24/5/758}",
    year = 2004,
    number = 5,
    month = "November"
}

@misc{urlasthmacauses,
    author = "NHS",
    title = "Causes of asthma",
    howpublished = "\url{http://www.nhs.uk/Conditions/Asthma/Pages/Causes.aspx}",
    year = 2016,
    month = "September"
}

@Article{mintelallergy,
    author = "Market Analyst, Mintel",
    title = "Not to be sneezed at",
    year = 2010,
    howpublished = "\url{http://www.mintel.com/press-centre/beauty-and-personal-care/not-to-be-sneezed-at-almost-half-of-all-brits-are-allergy-sufferers}",
    month = "March"
    }